@book{hottbook,
  author    = {The {Univalent Foundations Program}},
  title     = {Homotopy Type Theory: Univalent Foundations of Mathematics},
  publisher = {\url{https://homotopytypetheory.org/book}},
  address   = {Institute for Advanced Study},
  year      = {2013},
  note      = {Accessed: 2023-01-07}
}

@article{cubical,
  author  = {Cyril Cohen and Thierry Coquand and Simon Huber and Anders Mörtberg},
  journal = {FLAP},
  number  = {10},
  pages   = {3127–3170},
  title   = {Cubical type theory: A constructive interpretation of the univalence axiom},
  volume  = {4},
  year    = {2017}
}

@conference{higher-ott,
  author    = {Thorsten Altenkirch and Ambrus Kaposi and Michael Shulmann},
  booktitle = {TYPES 2022, 28th International Conference on Types for Proofs and Programs},
  title     = {Towards Higher Observational Type Theory},
  publisher = {\url{https://types22.inria.fr/files/2022/06/TYPES_2022_paper_37.pdf}},
  year      = {2022},
  note      = {Accessed: 2023-01-07}
}

@misc{combinators,
  author       = {Wikipedia},
  title        = {Combinatory logic},
  howpublished = {\url{https://en.wikipedia.org/wiki/Combinatory_logic}},
  note         = {Accessed: 2023-01-07}
}
